<?xml version="1.0" encoding="UTF-8"?><collection xmlns="http://www.loc.gov/MARC21/slim"><record><leader>00361nam--2200121-i-4500</leader><controlfield tag="001">000018415</controlfield><controlfield tag="002">20161230</controlfield><controlfield tag="005">20161230201032</controlfield><controlfield tag="008">060222s1000------------r-----000-0-eng-d</controlfield><datafield ind1=" " ind2=" " tag="100"><subfield code="a">Delpla, Maurice</subfield></datafield><datafield ind1=" " ind2=" " tag="245"><subfield code="a">L`effect biologique des rayonnements ionisants et les centrales nucleaires</subfield></datafield><datafield ind1=" " ind2=" " tag="260"><subfield code="a">Paris, Societe Des Ingenieurs Civils De France 20 P</subfield></datafield><datafield ind1=" " ind2=" " tag="852"><subfield code="a">7786</subfield></datafield></record></collection>